
@book{TESL,
	author = {Trevor Hastie, Robert Tibshirani, Jerome Friedman},
	title = {The Elements of Statistical Learning},
	date = {2013},
}

@book{ISLR,
	author = {Gareth James, Daniela Witten, Trevor Hastie, Robert Tibshirani},
	title = {An Introduction to Statistical Learning},
	date = {2015},
}

@article{EAPML,
author = {Shihao Gu, Gryan Kelly, Dacheng Xiu},
title = {Empirical Asset Pricing via Machine Learning},
journaltitle = {Social Science Research Network},
date = {11 June 2018},
}

@article{BreimanTree,
	author = {Breiman, Lew, Jerome Friedman, Charles J Stone, Richard A Olshen},
	title = {Classification and Regression Trees},
	journaltitle = {CRC Press},
	date = {1984},
}

@article{Diebold,
	author = {Francis X. Diebold, Roberto S. Mariano},
	title = {Comparing Predictive Accuracy},
	journaltitle = {Journal of Business & Economic Statistics},
	date = {July 1995},
	OPTvolume = {13}
}

@article{FF_anomalies,
	author = {Eugene F. Fama, Kenneth R. French},
	title = {Dissecting Anomalies},
	journaltitle = {The Journal of Finance},
	date = {August 2008},
	OPTvolume = {116}
}

@article{FF_3,
	author = {Eugene F. Fama, Kenneth R. French},
	title = {Common risk factors in the returns on stocks and bonds},
	journaltitle = {Journal of Financial Economics},
	date = {1993},
	OPTvolume = {33}
}

@article{FF_5,
	author = {Eugene F. Fama, Kenneth R. French},
	title = {A five-factor asset pricing model},
	journaltitle = {Journal of Financial Economics},
	date = {2015},
	OPTvolume = {116}
}

@article{lasso_example,
	author = {Joachim Freyberger, Andreas Neuhierl, and Michael Weber},
	title = {Dissecting characteristics nonparametrically},
	journaltitle = {NBER working paper series},
	date = {March 2017}
}

@article{ReLU_ex1,
	author = {Xavier Glorot, Antoine Bordes, and Yoshua Bengio},
	title = {Deep Sparse Rectifier Neural Networks},
	journaltitle = {Aistats},
	date = {2011}
}

@article{Neural_ensembles,
	author = {Lars Kai Hansen, and Peter Salamon},
	title = {Neural Network Ensembles},
	journaltitle = {IEEE Transactions on Pattern Analysis and Machine Intelligence},
	date = {1990},
	OPTvolume = {12}
}

@article{cross_section_hurdle,
	author = {Campbell R. Harvey, Heqing Zhu, and Yan Liu},
	title = {...and the cross-section of expected returns},
	journaltitle = {Review of Financial Studies},
	date = {October 2014}
}

@article{deep_finance,
	author = {J.B. Heaton, N.G. Polson, J.H. White},
	title = {Deep Learning in Finance},
	journaltitle = {arXiv preprint arXiv:1602.06561},
	date = {February 2016}
}

@article{NN_universal,
	author = {Kurt Honik, Maxwell Stinchcombe, Halbert White},
	title = {Multilayer Feedforward Networks are Universal Approximators},
	journaltitle = {Neural Networks},
	date = {1989}
}

@article{nonparam_derivative,
	author = {James M. Hutchison, Andrew W. Lo, and Tomaso Poggio},
	title = {A Nonparametric Approach to Pricing and Hedging Derivative Securities Via Learning Networks},
	journaltitle = {The Journal of Finance},
	date = {1994},
	OPTvolume = {49}
}

@article{batchnorm,
	author = {Sergey Ioffe, Christian Szegedy},
	title = {Batch Normalization: Accelerating Deep Network Training by Reducing Internal Covariate Shift},
	journaltitle = {arXiv1502.03167v3},
	date = {March 2015}
}

@article{ReLU_ex2,
	author = {Kevin Jarrett, Koray Kavukcuoglu, Marc' Aurelio Ranzato, Yann Lecun},
	title = {What i the Best Multi-Stage Architecture for Object Recognition},
	journaltitle = {IEEE 12th International Conference on Computer Vision},
	date = {2009}
}

@article{ADAM,
	author = {Diederik P. Kingma, Jimmy Lei Ba},
	title = {ADAM: A method for stochastic optimization},
	journaltitle = {arXiv:1412.6980v9},
	date = {30 January 2017}
}

@book{NN_recipes,
	author = {Timothy Masters},
	title = {Practical Neural Network Recipes in C++},
	date = {1993}
}
